% Encoding: UTF-8


@Article{holonyak1962,
  Title                    = {Coherent (visible) Light Emission From Ga(As1−x P x ) Junctions},
  Author                   = {Holonyak Jr, N.; Bevacqua, S. N.},
  Journal                  = {Applied Physics Letters},
  Year                     = {1962},

  Month                    = {Dezembro},
  Number                   = {4},
  Pages                    = {82},
  Volume                   = {1},

  Doi                      = {http://dx.doi.org/10.1063/1.1753706},
  Owner                    = {sol-souza},
  Timestamp                = {2014.10.21}
}

@Article{nakamura1994,
  Title                    = {Candela‐class high‐brightness InGaN/AlGaN double‐heterostructure blue‐light‐emitting diodes},
  Author                   = {Nakamura, S.; Mukai, T.; Senoh, M.},
  Journal                  = {Applied Physics Letters},
  Year                     = {1994},
  Pages                    = {1987},
  Volume                   = {64},

  Doi                      = {http://dx.doi.org/10.1063/1.111832},
  Owner                    = {sol-souza},
  Timestamp                = {2014.10.21}
}

@Article{pearsall1976,
  Title                    = {Efficient lattice‐matched double‐heterostructure LED’s at 1.1 μm from Ga x In1−x As y P1−y},
  Author                   = {Pearsall, T. P.; Miller, B. I.; Capik, R. J.; Bachmann, K. J.},
  Journal                  = {Applied Physics Letters},
  Year                     = {1976},
  Pages                    = {499},
  Volume                   = {28},

  Doi                      = {http://dx.doi.org/10.1063/1.88831},
  Owner                    = {sol-souza},
  Timestamp                = {2014.10.21}
}


@Book{tocci2011,
  Title                    = {Sistemas Digitais - Principios e AplicaÃ§Ãµes},
  Author                   = {Tocci, Ronald J.; Widmer, Neal S. \& Moss, Gregory L.},
  Publisher                = {Pearson Prentice Hall},
  Year                     = {2011},

  Address                  = {SÃ£o Paulo},
  Edition                  = {11Âª},

  Owner                    = {Dansouza},
  Timestamp                = {2014.08.29}
}

@Book{sadiku2013,
  title     = {Fundamentos de Circuitos Elétricos},
  publisher = {MCGRAW HILL - ARTMED},
  year      = {2013},
  author    = {ALEXANDER, C.K. and SADIKU, M.N.O.},
  editor    = {AMGH Editora Ltda.},
  edition   = {5ª},
  isbn      = {9788580551730},
}

@Book{balanis2009,
  title     = {Teoria de Antenas. Análise e síntese},
  year      = {2009},
  author    = {Balanis, C.A.},
  editor    = {LTC},
  edition   = {3ª},
  isbn      = {9788521616535},
  url       = {https://books.google.com.br/books?id=AsLbmgEACAAJ},
}

@Manual{datasheetLM741,
  title        = {LM741 Operational Amplifier},
  organization = {Texas Instruments},
  year         = {2015},
  keywords     = {LM741},
  url          = {http://www.ti.com/product/LM741},
}

@Manual{FPUInstructionSetARMcM4,
  title        = {FPU Instruction Set},
  organization = {ARM},
  year         = {2018},
  url          = {http://infocenter.arm.com/help/index.jsp?topic=/com.arm.doc.ddi0439b/BEHJADED.html},
}

@Manual{DSPInstructionSetARMcM4,
  title        = {DSP Instruction Set},
  organization = {ARM},
  year         = {2018},
  url          = {http://infocenter.arm.com/help/index.jsp?topic=/com.arm.doc.ddi0439b/CHDDIGAC.html},
}

@Manual{CMSISDSPReference,
  title        = {CMSIS-DSP Reference},
  organization = {CMSIS},
  year         = {2018},
  url          = {http://www.keil.com/pack/doc/CMSIS/DSP/html/modules.html},
}

@Manual{PAAtutorial,
  title        = {Phased Array Antenna},
  organization = {Wolff, C.},
  year         = {2018},
  url          = {http://www.radartutorial.eu/06.antennas/Phased%20Array%20Antenna.en.html},
}

@Manual{CMSISFFT,
  title        = {FFT Description},
  organization = {CMSIS},
  year         = {2018},
  url          = {https://www.keil.com/pack/doc/CMSIS/DSP/html/group__RealFFT.html},
}

@Manual{CMSISFIR,
  title        = {FIR Description},
  organization = {CMSIS},
  year         = {2018},
  url          = {http://www.keil.com/pack/doc/CMSIS/DSP/html/modules.html},
}

@Manual{CMSISIIRDF1,
  title        = {Biquad Cascade IR Filters Using Direct Form I Structure},
  organization = {CMSIS},
  year         = {2018},
  url          = {http://www.keil.com/pack/doc/CMSIS/DSP/html/group__BiquadCascadeDF1.html},
}

@Manual{CMSISIIRDF2,
  title        = {Biquad Cascade IIR Filters Using Direct Form II Structure},
  organization = {CMSIS},
  year         = {2018},
  url          = {http://www.keil.com/pack/doc/CMSIS/DSP/html/group__BiquadCascadeDF2T.html},
}

@Manual{SemiHosting,
  title        = {What is SemiHosting},
  organization = {Code Red},
  year         = {2018},
  url          = {http://support.code-red-tech.com/CodeRedWiki/WhatIsSemiHosting},
}

@Manual{ROHDESCHWARZ,
  title        = {Pulsed RADAR signal generation and measurements. Educational Note},
  organization = {Rohde and Schwarz},
  year         = {2018},
  url          = {https://cdn.rohde-schwarz.com/pws/dl_downloads/dl_application/application_notes/1ma234/1MA234_0e_PulsedRadarEduNote.pdf},
}

@Manual{datasheet1N4001,
  title        = {1N4001 - General-purpose Rectifiers },
  organization = {Fairchild}}
@Book{sedra2000,
  title     = {Microelectr{\^o}nic Circuits},
  publisher = {Oxford University Press},
  year      = {2004},
  author    = {Sedra, A.S. and Smith, K.C.},
  isbn      = {9788534610445},
  url       = {https://books.google.com.br/books?id=3vtLAAAACAAJ},
}

@Book{boylestad2004dispositivos,
  title     = {Dispositivos eletr{\^o}nicos e teoria de circuitos},
  publisher = {Pearson Education do Brasil},
  year      = {2004},
  author    = {Boylestad, R.L. and Nashelsky, L.},
  isbn      = {9788587918222},
  url       = {https://books.google.com.br/books?id=OyAVAAAACAAJ},
}

@Book{sedra2015,
  title     = {Microelectronic Circuits},
  publisher = {Oxford University Press, Incorporated},
  year      = {2015},
  author    = {Sedra, A.S. and Smith, K.},
  series    = {The Oxford Series in Electrical and Computer Engineering},
  isbn      = {9780199339143},
  url       = {https://books.google.com.br/books?id=fuv7oQEACAAJ},
}

@Book{visser2006,
  title     = {Array and Phased Array Antenna Basics},
  year      = {2006},
  author    = {Visser, Hubregt J},
  isbn      = {0470871180},
  url       = {https://books.google.com.br/books?id=qv9luhVAKAQC&pg=PAxi&dq=%22phased+array%22&redir_esc=y#v=onepage&q=%22phased%20array%22&f=false},
}

@Book{lathi2014,
  title     = {Sinais e Sistemas Lineares},
  publisher = {Oxford University Press, Incorporated},
  year      = {2014},
  author    = {B.P.Lathi.},
  isbn      = {9788560031139}
}

@Book{Oppenheim2013,
  title     = {Processamento em tempo discreto de sinais},
  publisher = {massachusetts Institute of Technology},
  year      = {2013},
  author    = {Oppenheim, A.V. and Schafer, A.R, A.S.},
  series    = {The Oxford Series in Electrical and Computer Engineering},
  isbn      = {9788560031139}
}

@Book{Ogata_DTC_1995,
  title     = {Discrete-Time Control System},
  publisher = {Prentice-Hall International, Inc},
  year      = {1995},
  author    = {Katsuhiko Ogata},
  isbn      = {0133286428}
}

@Book{Ogata2014,
  title     = {Engenharia de Controle Moderno},
  publisher = {Pearson Education do Brasil},
  year      = {2014},
  author    = {Katsuhiko Ogata},
  isbn      = {9788576058106}
}

@Book{villaca2014,
  title     = {Apostila de Sistemas de Controle},
  publisher = {Departamento Acadêmico de Eletrônica do IFSC/SC.},
  year      = {2014},
  author    = {Marco Valério Miorim Villaça and Jony Laureano da Silveira }
}

@Manual{datasheetDE2115,
  title        = {DE2-115 Kit de desenvolvimento},
  author       = {terasic},
  organization = {ALTERA},
  year         = {2014},
  url          = {ftp://ftp.altera.com/up/pub/Altera_Material/Boards/DE2-115/DE2_115_User_Manual.pdf},
}

@Book{pedroni2004,
  title     = {Circuit Design with VHDL},
  publisher = {Books24x7.com},
  year      = {2004},
  author    = {Pedroni, V.A.},
  isbn      = {9780262162241},
  lccn      = {2004040174},
  url       = {https://books.google.com.br/books?id=b5NEgENaEn4C},
}

@Manual{datasheetHCSR04,
  title        = {HCSR04 Sensor Ultrassônico},
  author       = {Elecfreaks},
  organization = {Elecfreaks},
  year         = {2014},
  url          = {http://elecfreaks.com/estore/download/EF03085-HC-SR04_Ultrasonic_Module_User_Guide.pdf},
}

@Manual{datasheetADC0804,
  title    = {ADC0804},
  author   = {Texas Instruments},
  year     = {2013},
  keywords = {ADC0804},
  url      = {http://www.ti.com/lit/ds/snosbi1c/snosbi1c.pdf},
}

@PhdThesis{pereira1994,
  author = {Luis Gustavo Pereira},
  title  = {Estudo do Comportamento Magnético e Magnetoresistivo em Milticamadas de Filmes Finos},
  school = {UFRGS/IF},
  year   = {1994},
  url    = {http://www.lume.ufrgs.br/handle/10183/29712},
}

@Article{johnson2015,
  author    = {Mark Johnson and Hyun Cheol Koo and Suk Hee Han and Joonyeon Chang},
  title     = {Spin injection in indium arsenide},
  journal   = {Frontiers in Physics},
  year      = {2015},
  volume    = {3},
  month     = {aug},
  doi       = {https://doi.org/10.3389/fphy.2015.00062},
  publisher = {Frontiers Media {SA}},
  url       = {https://doi.org/10.3389%2Ffphy.2015.00062},
}

@Manual{datasheetGMRB6,
  title  = {Giant Magneto Resistive Position Sensor GMR B6},
  author = {Infineon},
}

@Article{baibich2014,
  author    = {Mario Norberto Baibich},
  title     = {Uma descoberta que mudou a forma de pensar},
  journal   = {Ciência e Natura},
  year      = {2014},
  volume    = {36},
  number    = {3},
  month     = {feb},
  doi       = {DOI:10.5902/2179460X12814},
  publisher = {Universidad Federal de Santa Maria},
  url       = {https://doi.org/10.5902%2F2179460x12814},
}

@Article{chang2014,
  author    = {S.C.Pei and B.Y.Guo and W.Y.Lu},
  title     = {Narrowband Notch Filter Using Feedback Structure},
  journal   = {IEEE Signal Processing Magazine},
  year      = {2016},
  volume    = {33},
  number    = {3},
  month     = {feb},
  doi       = {DOI:10.1109/MSP.2016.2531578},

  url       = {https://doi.org/10.5902%2F2179460x12814},
}

@MastersThesis{pacheco2007,
  author = {Clara Johanna Pacheco},
  title  = {Aplicação de Materiais com Magnetostricção Gigante em sensores de Deslocamento sem contato.},
  school = {PUC/RJ},
  year   = {2007},
}

@Article{janafilho2003,
  author  = {Gilberto Abrão Jana Filho},
  title   = {Sensores de posição com a tecnologia magneto-restrição},
  journal = {Mecatrônica Atual},
  year    = {2003},
  volume  = {9},
  pages   = {26},
  month   = {Abril},
}

@Article{lucas2018,
  author  = {Lucas Seara Manoel},
  title   = {Atividade 4 - Processamento Digital de Sinais utilizando filtro FIR},
  year    = {2018},
  volume  = {4},
  month   = {Março},
}

@Article{pizzolante2014,
  author  = {Vitor Hugo Pizzolante},
  title   = {Medição de Nível com Transmissor Magnetorrestritivo},
  journal = {Engeworld},
  year    = {2014},
  pages   = {11},
  month   = {Novembro},
}

@Article{mark2014,
  author  = {Mark Yeoman},
  title   = {RFID Tag Read Range and Antenna Optimization},
  journal = {COMSOL BLOG},
  year    = {2014},
  url     = {https://br.comsol.com/blogs/rfid-tag-read-range-antenna-optimization/},
}

@Manual{datasheetMTS,
  title    = {Magnetrstrictive Linear-Position Sensor},
  author   = {MTS Sensor},
  note     = {Technical Paper},
  keywords = {551045 D},
}

@Comment{jabref-meta: databaseType:bibtex;}

@INPROCEEDINGS{WeiHungWu2016, 
	author={D. Wei and W. Hung and K. L. Wu}, 
	booktitle={2016 IEEE International Symposium on Antennas and Propagation (APSURSI)}, 
	title={A real time RFID locationing system using phased array antennas for warehouse management}, 
	year={2016}, 
	volume={}, 
	number={}, 
	pages={1153-1154}, 
	keywords={antenna phased arrays;beam steering;direction-of-arrival estimation;multipath channels;radiofrequency identification;warehousing;RTLS;active radio frequency identification technologies;angle-of-arrival signals;beam steering;multipath effect;phased array antennas;positioning algorithm;real time RFID locationing system;warehouse management;Active RFID;Internet of Things (IoT);Phased Array Antenna;RTLS}, 
	doi={10.1109/APS.2016.7696284}, 
	ISSN={}, 
	month={June},
}